
@online{top-10-owasp,
	title = {{OWASP} Top Ten Web Application Security Risks},
	howpublished = {\url{https://owasp.org/www-project-top-ten/}},
	abstract = {The {OWASP} Top 10 is the reference standard for the most critical web application security risks. Adopting the {OWASP} Top 10 is perhaps the most effective first step towards changing your software development culture focused on producing secure code.},
	urldate = {2021-11-10},
	year = {2021},
	langid = {english},
}